<?xml version="1.0" encoding="UTF-8"?><collection xmlns="http://www.loc.gov/MARC21/slim"><record><leader>00557nam--2200205-u-4500</leader><controlfield tag="001">000051517</controlfield><controlfield tag="002">20161230</controlfield><controlfield tag="005">20161230201049</controlfield><controlfield tag="008">080724s1000------------r-----000-0-eng-d</controlfield><datafield ind1=" " ind2=" " tag="020"><subfield code="a">0-387-98698-7</subfield></datafield><datafield ind1=" " ind2=" " tag="040"><subfield code="a">IFIN-HH</subfield></datafield><datafield ind1=" " ind2=" " tag="080"><subfield code="a">517.442</subfield></datafield><datafield ind1="1" ind2=" " tag="100"><subfield code="a">Schiff,Joel L</subfield></datafield><datafield ind1="1" ind2="0" tag="245"><subfield code="a">The Laplace Transform. Theory and Applications</subfield></datafield><datafield ind1=" " ind2=" " tag="260"><subfield code="a">Berlin</subfield><subfield code="b">Springer-Verlag</subfield><subfield code="c">1999</subfield></datafield><datafield ind1=" " ind2=" " tag="300"><subfield code="a">233 p</subfield></datafield><datafield ind1=" " ind2=" " tag="504"><subfield code="a">Includes Bibliographical References and Index</subfield></datafield><datafield ind1=" " ind2="4" tag="650"><subfield code="a">Laplace Transformation</subfield></datafield><datafield ind1=" " ind2=" " tag="852"><subfield code="a">81531</subfield><subfield code="c">517.43</subfield></datafield><datafield ind1=" " ind2=" " tag="CAT"><subfield code="a">Sys</subfield><subfield code="c">20080724</subfield><subfield code="h">140808</subfield></datafield></record></collection>